@book{acindar,
	author = {ArcelorMittal Acindar},
	title = {Tablas y Equivalencias: Productos y servicios para la construcción civil},
}

@book{perfilc,
	author = {Hierros y Transformados S.A.},
	title = {FICHA TÉCNICA: Correa Tipo C},
}

@book{cirsoc101,
	author = {CIRSOC and Aragno, Alicia and Argentina. Ministerio de Planificación Federal, Inversión Pública y Servicios. Secretaría de Obras Públicas de la Nación},
	title = {Reglamento argentino de cargas permanentes y sobrecargas mínimas de diseño para edificios y otras estructuras /
  },
	publisher = {INTI-CIRSOC},
	year = {2005},
	series = {Reglamento CIRSOC 101},
	address = {Buenos Aires, Argentina},
	note = {Versión PDF. El INTI-CIRSOC agradece muy especialmente a las Autoridades de la American National Standards Institute (ANSI) y de la American Society of Civil Engineers (ASCE) por habernos permitido adoptar como base para el desarrollo de este Reglamento, los Capítulos 3 y 4 del documento “Minimum Design Loads for Building and Other Structures” conocido como ASCE 7-95 (Revisión de ANSI-ASCE 7-93) y posteriormente ASCE 7-98.}
}

@book{cirsoc102,
	author = {CIRSOC and Reimundín, Juan Carlos and Argentina. Ministerio de Planificación Federal, Inversión Pública y Servicios. Secretaría de Obras Públicas de la Nación},
	title = {Reglamento argentino de acción del viento sobre las construcciones /  },
	publisher = {INTI-CIRSOC},
	year = {2005},
	series = {Reglamento CIRSOC 102},
	address = {Buenos Aires, Argentina},
	note = {Versión PDF. El INTI-CIRSOC agradece muy especialmente a las Autoridades de la American National Standards Institute (ANSI) y de la American Society of Civil Engineers (ASCE) por habernos permitido adoptar como base para el desarrollo de este Reglamento, el  Capítulo 6 del documento “Minimum Design Loads for Building and Other Structures” conocido como ASCE 7-95 (Revisión de ANSI-ASCE 7-93) y posteriormente ASCE 7-98.}
}

@book{cirsoc108,
	author = {CIRSOC and Arango, Alicia and Argentina. Ministerio de Planificación Federal, Inversión Pública y Servicios. Secretaría de Obras Públicas de la Nación},
	title = {Comentarios al reglamento argentino de cargas de diseño para estructuras durante su construcción /  },
	publisher = {INTI-CIRSOC},
	year = {2007},
	series = {Reglamento CIRSOC 108},
	address = {Buenos Aires, Argentina},
	note = {Versión PDF. El INTI-CIRSOC agradece muy especialmente a las Autoridades del Structural Engineering Institute (SEI) y de la American Society of Civil Engineers (ASCE), por habernos permitido adoptar como base para el desarrollo de este Reglamento, el documento “Design Loads on structures during Construction", conocido como SEI/ASCE 37-02.}
}

@book{iso12944,
   title =     {ISO 12944-5: Paints and varnishes - Corrosion protection of steel structures by protective paint systems - Part 5: Protective paint systems},
   author =    {},
   publisher = {ISO},
   isbn =      {},
   year =      {2007},
   series =    {},
   edition =   {},
   volume =    {5},
   url =       {shorturl.at/amtxA}
}

@book{iso18051,
   title =     {ISO 8501-1: Preparación de substratos de acero previa a la aplicación de pinturas y productos relacionados.},
   author =    {},
   publisher = {ISO},
   isbn =      {},
   year =      {2008},
   series =    {},
   edition =   {},
   volume =    {5},
}

@MISC{catalgo_pintura,
   author =       "WEG",
   title =        "Soluciones para pintado de estructura metálica",
   url =          "shorturl.at/abuxB",
   note =         "[Recuperado; 02/04/2021]",
 }


@book{cirsoc301,
	author = {CIRSOC and Troglia, Gabriel and Argentina. Ministerio de Planificación Federal, Inversión Pública y Servicios. Secretaría de Obras Públicas de la Nación},
	title = {Reglamento argentino de estructuras de acero para edificios /  },
	publisher = {INTI-CIRSOC},
	year = {2005},
	series = {Reglamento CIRSOC 301},
	address = {Buenos Aires, Argentina},
	note = {Versión PDF. El INTI-CIRSOC agradece muy especialmente a las Autoridades del American Institute of Steel Construction (AISC) por habernos permitido adoptar como base para el desarrollo de este Reglamento, la especificación “Load and Resistance Factor Design Specification for Structural Steel Buildings" 1999.}
}

@book{cirsoc301-ejemplos,
	author = {CIRSOC and Troglia, Gabriel and Argentina. Ministerio de Planificación Federal, Inversión Pública y Servicios. Secretaría de Obras Públicas de la Nación},
	title = {Ejemplos de aplicación del reglamento argentino de estructuras de acero},
	publisher = {INTI-CIRSOC},
	year = {2005},
	series = {Reglamento CIRSOC 301},
	address = {Buenos Aires, Argentina},
	note = {Versión PDF. El INTI-CIRSOC agradece muy especialmente a las Autoridades del American Institute of Steel Construction (AISC) por habernos permitido adoptar como base para el desarrollo de este Reglamento, la especificación “Load and Resistance Factor Design Specification for Structural Steel Buildings" 1999.}
}

@MISC{pentaka,
   author =       "Pentaka",
   title =        "Cátalogo de perfiles de acero",
   url =          "https://pentaka.com/",
   note =         "[Recuperado; 10/04/2021]",
 }